@article{staehle1943ability,
  title={{Ability, Wages, and Income}},
  author={Staehle, Hans},
  journal={The Review of Economics and Statistics},
  volume={25},
  number={1},
  pages={77--87},
  year={1943},
  publisher={JSTOR}
}

@article{becker1962investment,
  title={{Investment in Human Capital: A Theoretical Analysis}},
  author={Becker, Gary S},
  journal={The Journal of Political Economy},
  volume={70},
  number={5},
  pages={9--49},
  year={1962},
  publisher={JSTOR}
}

@article{mincer1958investment,
  title={{Investment in Human Capital and Personal Income Distribution}},
  author={Mincer, Jacob A},
  journal={The Journal of Political Economy},
  volume={66},
  number={4},
  pages={281--302},
  year={1958},
  publisher={JSTOR}
}

@article{mincer1962job,
  title={{On-the-job training: Costs, Returns, and Some Implications}},
  author={Mincer, Jacob A},
  journal={The Journal of Political Economy},
  volume={70},
  number={5},
  pages={50--79},
  year={1962},
  publisher={JSTOR}
}

@article{ben1967production,
  title={{The Production of Human Capital and the Life Cycle of Earnings}},
  author={Ben-Porath, Yoram},
  journal={The Journal of Political Economy},
  volume={75},
  number={4},
  pages={352--365},
  year={1967},
  publisher={JSTOR}
}

@article{rosen1976theory,
  title={{A Theory of Life Earnings}},
  author={Rosen, Sherwin},
  journal={The Journal of Political Economy},
  volume={84},
  number={4},
  pages={S45--S67},
  year={1976},
  publisher={JSTOR}
}

@article{brown1976model,
  title={{A Model of Optimal Human Capital Accumulation and the Wages of Young High-school Graduates}},
  author={Brown, Charles},
  journal={The Journal of Political Economy},
  pages={299--316},
  year={1976},
  publisher={JSTOR}
}

@article{haley1976estimation,
  title={{Estimation of the Earnings Profile from Optimal Human Capital Accumulation}},
  author={Haley, William J},
  journal={Econometrica: Journal of the Econometric Society},
  pages={1223--1238},
  year={1976},
  publisher={JSTOR}
}

@incollection{mincer1974schooling,
  title={{Schooling, Experience, and Earnings}},
  author={Mincer, Jacob A},
  booktitle={Schooling, experience, and earnings},
  pages={41--63},
  year={1974},
  publisher={Columbia University Press}
}

@article{mangasarian1966sufficient,
  title={{Sufficient Conditions for the Optimal Control of Non-linear Systems}},
  author={Mangasarian, Olvi L},
  journal={SIAM Journal on Control},
  volume={4},
  number={1},
  pages={139--152},
  year={1966},
  publisher={SIAM}
}

@book{becker2009human,
  title={{Human Capital: A Theoretical and Empirical Analysis, with Special Reference to Education}},
  author={Becker, Gary S},
  year={2009},
  publisher={University of Chicago Press}
}

@article{grossman1972concept,
  title={{On the Concept of Health Capital and the Demand for Health}},
  author={Grossman, Michael},
  journal={The Journal of Political Economy},
  volume={80},
  number={2},
  pages={223},
  year={1972}
}

@article{keane1997career,
  title={{The Career Decisions of Young Men}},
  author={Keane, Michael P and Wolpin, Kenneth I},
  journal={Journal of Political Economy},
  volume={105},
  number={3},
  pages={473--522},
  year={1997},
  publisher={JSTOR}
}

@article{heckman1998explaining,
  title={{Explaining Rising Wage Inequality: Explorations with a Dynamic General Equilibrium Model of Labor Earnings with Heterogeneous Agents}},
  author={Heckman, James J and Lochner, Lance and Taber, Christopher},
  journal={Review of Economic Dynamics},
  volume={1},
  number={1},
  pages={1--58},
  year={1998},
  publisher={Elsevier}
}

@article{gibbons1999theory,
  title={{A Theory of Wage and Promotion Dynamics Inside Firms}},
  author={Gibbons, Robert and Waldman, Michael},
  journal={The Quarterly Journal of Economics},
  volume={114},
  number={4},
  pages={1321--1358},
  year={1999},
  publisher={Oxford University Press}
}

@article{baland2000child,
  title={{Is Child Labor Inefficient?}},
  author={Baland, Jean-Marie and Robinson, James A},
  journal={Journal of Political Economy},
  volume={108},
  number={4},
  pages={663--679},
  year={2000},
  publisher={JSTOR}
}

@article{leibowitz1974home,
	title = {{Home Investments in Children}},
	author = {Leibowitz, Arleen},
	journal = {Journal of Political Economy},
	volume = {82},
	number={2},
	issue = {S2},
	pages={S111--S131},
	year = {1974},
	publisher={JSTOR}
}

@article{cunha2007technology,
  title={{The technology of Skill Formation}},
  author={Cunha, Flavio and Heckman, James},
  journal={American Economic Review Papers and Proceedings},
  volume={97},
  number={2},
  pages={31--47},
  year={2007}
}

@article{cunha2010estimating,
  title={{Estimating the Technology of Cognitive and Noncognitive Skill Formation}},
  author={Cunha, Flavio and Heckman, James J and Schennach, Susanne M},
  journal={Econometrica},
  volume={78},
  number={3},
  pages={883--931},
  year={2010},
  publisher={Wiley Online Library}
}

@article{eckstein2004wage,
  title={{On the Wage Growth of Immigrants: Israel, 1990--2000}},
  author={Eckstein, Zvi and Weiss, Yoram},
  journal={Journal of the European Economic Association},
  volume={2},
  number={4},
  pages={665--695},
  year={2004},
  publisher={Wiley Online Library}
}

@article{manning2008gender,
  title={{The Gender Gap in Early-Career Wage Growth}},
  author={Manning, Alan and Swaffield, Joanna},
  journal={The Economic Journal},
  volume={118},
  number={530},
  pages={983--1024},
  year={2008},
  publisher={Wiley Online Library}
}

@article{Huggett2011sources,
  title={{Sources of Lifetime Inequality}},
  author={Huggett, Mark and Ventura, Gustavo and Yaron, Amir},
  journal={American Economic Review},
  volume={101},
  number={7},
  pages={2923-54},
  year={2011},
  publisher={Wiley Online Library}
}



